@article{MTTHarms2017,
	author  = {Harms, R.L. }, 
	title   = {MTT, a self-referencing thesis template},
	year    = 2017
}