@misc{hlblx@name@1, author = {R.L. Harms}, options = {dataonly=true},}
